@article{MetaSR,
  author    = {Xuecai Hu and
               Haoyuan Mu and
               Xiangyu Zhang and
               Zilei Wang and
               Tieniu Tan and
               Jian Sun},
  title     = {Meta-SR: {A} Magnification-Arbitrary Network for Super-Resolution},
  journal   = {CoRR},
  volume    = {abs/1903.00875},
  year      = {2019},
  url       = {http://arxiv.org/abs/1903.00875},
  archivePrefix = {arXiv},
  eprint    = {1903.00875},
  timestamp = {Fri, 24 May 2019 12:50:22 +0200},
  biburl    = {https://dblp.org/rec/journals/corr/abs-1903-00875.bib},
  bibsource = {dblp computer science bibliography, https://dblp.org}
}

@article{ASDN,
  title={ASDN: A Deep Convolutional Network for Arbitrary Scale Image Super-Resolution},
  author={Jialiang Shen and Yucheng Wang and Jiayuan Zhang},
  journal={ArXiv},
  year={2020},
  volume={abs/2010.02414}
}

@article{laplacianpyramid,
  author={P. {Burt} and E. {Adelson}},
  journal={IEEE Transactions on Communications}, 
  title={The Laplacian Pyramid as a Compact Image Code}, 
  year={1983},
  volume={31},
  number={4},
  pages={532-540},
  doi={10.1109/TCOM.1983.1095851},
  url={http://persci.mit.edu/pub_pdfs/pyramid83.pdf}}

@article{LapSRN,
  author    = {Wei{-}Sheng Lai and
               Jia{-}Bin Huang and
               Narendra Ahuja and
               Ming{-}Hsuan Yang},
  title     = {Deep Laplacian Pyramid Networks for Fast and Accurate Super-Resolution},
  journal   = {CoRR},
  volume    = {abs/1704.03915},
  year      = {2017},
  url       = {http://arxiv.org/abs/1704.03915},
  archivePrefix = {arXiv},
  eprint    = {1704.03915},
  timestamp = {Mon, 13 Aug 2018 16:48:53 +0200},
  biburl    = {https://dblp.org/rec/journals/corr/LaiHA017.bib},
  bibsource = {dblp computer science bibliography, https://dblp.org}
}

@article{MSLapSRN,
  author    = {Wei{-}Sheng Lai and
               Jia{-}Bin Huang and
               Narendra Ahuja and
               Ming{-}Hsuan Yang},
  title     = {Fast and Accurate Image Super-Resolution with Deep Laplacian Pyramid
               Networks},
  journal   = {CoRR},
  volume    = {abs/1710.01992},
  year      = {2017},
  url       = {http://arxiv.org/abs/1710.01992},
  archivePrefix = {arXiv},
  eprint    = {1710.01992},
  timestamp = {Mon, 13 Aug 2018 16:46:36 +0200},
  biburl    = {https://dblp.org/rec/journals/corr/abs-1710-01992.bib},
  bibsource = {dblp computer science bibliography, https://dblp.org}
}

@article{DRCN,
  author    = {Jiwon Kim and
               Jung Kwon Lee and
               Kyoung Mu Lee},
  title     = {Deeply-Recursive Convolutional Network for Image Super-Resolution},
  journal   = {CoRR},
  volume    = {abs/1511.04491},
  year      = {2015},
  url       = {http://arxiv.org/abs/1511.04491},
  archivePrefix = {arXiv},
  eprint    = {1511.04491},
  timestamp = {Mon, 13 Aug 2018 16:48:16 +0200},
  biburl    = {https://dblp.org/rec/journals/corr/KimLL15a.bib},
  bibsource = {dblp computer science bibliography, https://dblp.org}
}

@INPROCEEDINGS{DRRN,
  author={Y. {Tai} and J. {Yang} and X. {Liu}},
  booktitle={2017 IEEE Conference on Computer Vision and Pattern Recognition (CVPR)}, 
  title={Image Super-Resolution via Deep Recursive Residual Network}, 
  year={2017},
  volume={},
  number={},
  pages={2790-2798},
  doi={10.1109/CVPR.2017.298},
  url={https://openaccess.thecvf.com/content_cvpr_2017/papers/Tai_Image_Super-Resolution_via_CVPR_2017_paper.pdf}}

  @article{DBLP:journals/corr/HeZR016,
  author    = {Kaiming He and
               Xiangyu Zhang and
               Shaoqing Ren and
               Jian Sun},
  title     = {Identity Mappings in Deep Residual Networks},
  journal   = {CoRR},
  volume    = {abs/1603.05027},
  year      = {2016},
  url       = {http://arxiv.org/abs/1603.05027},
  archivePrefix = {arXiv},
  eprint    = {1603.05027},
  timestamp = {Wed, 17 Apr 2019 17:23:45 +0200},
  biburl    = {https://dblp.org/rec/journals/corr/HeZR016.bib},
  bibsource = {dblp computer science bibliography, https://dblp.org}
}

@article{RCAN,
  author    = {Yulun Zhang and
               Kunpeng Li and
               Kai Li and
               Lichen Wang and
               Bineng Zhong and
               Yun Fu},
  title     = {Image Super-Resolution Using Very Deep Residual Channel Attention
               Networks},
  journal   = {CoRR},
  volume    = {abs/1807.02758},
  year      = {2018},
  url       = {http://arxiv.org/abs/1807.02758},
  archivePrefix = {arXiv},
  eprint    = {1807.02758},
  timestamp = {Tue, 20 Nov 2018 12:24:39 +0100},
  biburl    = {https://dblp.org/rec/journals/corr/abs-1807-02758.bib},
  bibsource = {dblp computer science bibliography, https://dblp.org}
}

@article{paper12,
  author    = {Jiwon Kim and
               Jung Kwon Lee and
               Kyoung Mu Lee},
  title     = {Accurate Image Super-Resolution Using Very Deep Convolutional Networks},
  journal   = {CoRR},
  volume    = {abs/1511.04587},
  year      = {2015},
  url       = {http://arxiv.org/abs/1511.04587},
  archivePrefix = {arXiv},
  eprint    = {1511.04587},
  timestamp = {Mon, 13 Aug 2018 16:46:40 +0200},
  biburl    = {https://dblp.org/rec/journals/corr/KimLL15b.bib},
  bibsource = {dblp computer science bibliography, https://dblp.org}
}

@article{DBDN,
  author    = {Yucheng Wang and
               Jialiang Shen and
               Jian Zhang},
  title     = {Deep Bi-Dense Networks for Image Super-Resolution},
  journal   = {CoRR},
  volume    = {abs/1810.04873},
  year      = {2018},
  url       = {http://arxiv.org/abs/1810.04873},
  archivePrefix = {arXiv},
  eprint    = {1810.04873},
  timestamp = {Tue, 30 Oct 2018 20:39:56 +0100},
  biburl    = {https://dblp.org/rec/journals/corr/abs-1810-04873.bib},
  bibsource = {dblp computer science bibliography, https://dblp.org}
}

@article{spatialattentionmechanism16,
  author    = {Yuan Liu and
               Yuancheng Wang and
               Nan Li and
               Xu Cheng and
               Yifeng Zhang and
               Yongming Huang and
               Guojun Lu},
  title     = {An Attention-Based Approach for Single Image Super Resolution},
  journal   = {CoRR},
  volume    = {abs/1807.06779},
  year      = {2018},
  url       = {http://arxiv.org/abs/1807.06779},
  archivePrefix = {arXiv},
  eprint    = {1807.06779},
  timestamp = {Mon, 13 Aug 2018 16:48:01 +0200},
  biburl    = {https://dblp.org/rec/journals/corr/abs-1807-06779.bib},
  bibsource = {dblp computer science bibliography, https://dblp.org}
}

@article{spatialattentionmechanism9,
  author    = {Yanting Hu and
               Jie Li and
               Yuanfei Huang and
               Xinbo Gao},
  title     = {Channel-wise and Spatial Feature Modulation Network for Single Image
               Super-Resolution},
  journal   = {CoRR},
  volume    = {abs/1809.11130},
  year      = {2018},
  url       = {http://arxiv.org/abs/1809.11130},
  archivePrefix = {arXiv},
  eprint    = {1809.11130},
  timestamp = {Wed, 25 Sep 2019 16:46:01 +0200},
  biburl    = {https://dblp.org/rec/journals/corr/abs-1809-11130.bib},
  bibsource = {dblp computer science bibliography, https://dblp.org}
}

@article{DBLP:journals/corr/RidgewaySRZM15,
  author    = {Karl Ridgeway and
               Jake Snell and
               Brett Roads and
               Richard S. Zemel and
               Michael C. Mozer},
  title     = {Learning to generate images with perceptual similarity metrics},
  journal   = {CoRR},
  volume    = {abs/1511.06409},
  year      = {2015},
  url       = {http://arxiv.org/abs/1511.06409},
  archivePrefix = {arXiv},
  eprint    = {1511.06409},
  timestamp = {Mon, 13 Aug 2018 16:48:37 +0200},
  biburl    = {https://dblp.org/rec/journals/corr/RidgewaySRZM15.bib},
  bibsource = {dblp computer science bibliography, https://dblp.org}
}

@INPROCEEDINGS{SRneighbporembedding,

  author={ {Hong Chang} and  {Dit-Yan Yeung} and  {Yimin Xiong}},

  booktitle={Proceedings of the 2004 IEEE Computer Society Conference on Computer Vision and Pattern Recognition, 2004. CVPR 2004.}, 

  title={Super-resolution through neighbor embedding}, 

  year={2004},
  
  url={https://citeseerx.ist.psu.edu/viewdoc/download?doi=10.1.1.330.2972&rep=rep1&type=pdf},

  volume={1},

  number={},

  pages={I-I},

  doi={10.1109/CVPR.2004.1315043}}
